% File Name: bib.bib
% Author: Sharon Van Den Berg 9251936
% It collects all the papers I could find on "A quantitative analysis 
% of athletes that compete at the olympic games""
% Compilation started in March 2023
%
%%%%%%%%%%%%%%%%%%%%%%%%%%%%%%%%%%%%%%%%%%%%%%%%%%%%%%%%%%%%%%%%%%%%%%%%%%%%%%%%%%%%%%%%%

@misc{bansal_2021_olympics_,
  author = {Bansal, Harsh},
  title = {Olympics_},
  url = {https://www.kaggle.com/datasets/harshbansal27/olympics},
  urldate = {2025-04-09},
  year = {2021},
  organization = {Kaggle.com}
}

@misc{keating_2025_kaggle,
  author = {Keating, Nate and Moser, Jeff and Cukierski, William  and Rose, Jerad and O'Neill, Myles and Meg, Risdal and O'Connell, Meghan and Demkin, Maggie and Howard, Addison and Dane, Sohier and Plotts, Jim and Jervis, Nathan and McMorrow, Camille and Mooney, Paul and Raerek, Chelsea and Sterling, DJ and Roseberry, Vincent and Herbison, Dustin and Sivri, Erdal},
  title = {Kaggle: Your Home for Data Science},
  url = {https://www.kaggle.com/},
  urldate = {2025-04-09},
  year = {2025},
  organization = {Kaggle.com}
}

@article{condon_1999_predicting,
  author = {Condon, Edward M and Golden, Bruce L and Wasil, Edward A},
  month = {11},
  pages = {1243-1265},
  publisher = {Elsevier BV},
  title = {Predicting the success of nations at the Summer Olympics using neural networks},
  doi = {10.1016/s0305-0548(99)00003-9},
  url = {https://www.sciencedirect.com/science/article/abs/pii/S0305054899000039?fr=RR-9&ref=pdf_download&rr=92d83bf77a36e7e2},
  urldate = {2025-04-09},
  volume = {26},
  year = {1999},
  journal = {Computers & Operations Research}
}

@article{haut_2014_nothing,
  author = {Haut, Jan and Prohl, Robert and Emrich, Eike},
  month = {03},
  pages = {332-348},
  publisher = {SAGE Publishing},
  title = {Nothing but medals? Attitudes towards the importance of Olympic success},
  doi = {10.1177/1012690214526400},
  url = {https://journals.sagepub.com/doi/full/10.1177/1012690214526400},
  urldate = {2025-04-09},
  volume = {51},
  year = {2014},
  journal = {International Review for the Sociology of Sport}
}

@article{heazlewood_2006_prediction,
  author = {Heazlewood, Timothy},
  month = {12},
  pages = {480},
  title = {Prediction Versus Reality: The Use of Mathematical Models to Predict Elite Performance in Swimming and Athletics at the Olympic Games},
  url = {https://pmc.ncbi.nlm.nih.gov/articles/PMC3861753/},
  urldate = {2025-04-09},
  volume = {5},
  year = {2006},
  journal = {Journal of Sports Science & Medicine}
}

@misc{a262588213843476_2021_countries,
  author = {Patrice Ferlet},
  month = {06},
  title = {Countries coordinates with longitude and latitude},
  url = {https://gist.github.com/metal3d/5b925077e66194551df949de64e910f6},
  urldate = {2025-05-19},
  year = {2021},
  organization = {Gist}
}

@misc{a2020_olympic,
  author = {Parramatta History and Heritage},
  title = {Olympic Games - a brief history | Parramatta History and Heritage},
  url = {https://historyandheritage.cityofparramatta.nsw.gov.au/research-topics/events/olympic-games-brief-history},
  urldate = {2025-05-25},
  year = {2020},
  organization = {Nsw.gov.au}
}

@article{OxfordStudy,
author = {Flyvbjerg, Bent and Stewart, Allison and Budzier, Alexander},
year = {2016},
month = {07},
pages = {},
title = {The Oxford Olympics Study 2016: Cost and Cost Overrun at the Games},
journal = {Sa√Ød Business School Working Papers},
doi = {10.2139/ssrn.2804554}
}

@misc{a2025_what,
  author = {International Olympic Committee International Olympic Committee},
  title = {What is a National Olympic Committee (NOC)?},
  url = {https://www.olympics.com/ioc/faq/olympism-and-the-olympic-movement/what-is-a-national-olympic-committee},
  urldate = {2025-05-25},
  year = {2025},
  organization = {Olympics.com}
}